@misc{cryptoeprint:2017/677,
      author = {Amanda Cristina Davi Resende and Diego de Freitas Aranha},
      title = {Faster Unbalanced Private Set Intersection},
      howpublished = {Cryptology ePrint Archive, Paper 2017/677},
      year = {2017},
      note = {\url{https://eprint.iacr.org/2017/677}},
      url = {https://eprint.iacr.org/2017/677}
}